<?xml version="1.0" encoding="UTF-8"?><collection xmlns="http://www.loc.gov/MARC21/slim"><record><leader>00669nam--2200205-i-4500</leader><controlfield tag="001">000004793</controlfield><controlfield tag="002">20161230</controlfield><controlfield tag="005">20161230201026</controlfield><controlfield tag="008">060222s1000------------r-----000-0-rum-d</controlfield><datafield ind1=" " ind2=" " tag="040"><subfield code="a">IFIN-HH</subfield></datafield><datafield ind1=" " ind2=" " tag="041"><subfield code="a">rum</subfield></datafield><datafield ind1=" " ind2=" " tag="080"><subfield code="a">537.311.31:539.234:538.632</subfield></datafield><datafield ind1="1" ind2=" " tag="100"><subfield code="a">Croitoru, Nathan</subfield></datafield><datafield ind1="1" ind2="0" tag="245"><subfield code="a">Proprietatile electrice si constanta hall la strate subtiri metastabile de au, ag si pb</subfield><subfield code="b">Autoreferat</subfield><subfield code="c">Nathan croitoru</subfield></datafield><datafield ind1=" " ind2=" " tag="260"><subfield code="a">Bucuresti</subfield><subfield code="b">Academia Republicii Populare Romane</subfield><subfield code="c">1960</subfield></datafield><datafield ind1=" " ind2=" " tag="300"><subfield code="a">19P., 2 FIG</subfield></datafield><datafield ind1=" " ind2=" " tag="500"><subfield code="a">Semnatura Prof. E.Badarau</subfield></datafield><datafield ind1=" " ind2=" " tag="502"><subfield code="a">Conducator Stiintific: Acad.Prof. E.Badarau</subfield></datafield><datafield ind1=" " ind2=" " tag="852"><subfield code="a">6525</subfield><subfield code="c">539.23</subfield></datafield><datafield ind1=" " ind2=" " tag="CAT"><subfield code="a">Sys</subfield><subfield code="c">20121211</subfield><subfield code="h">132741</subfield></datafield></record></collection>